@INPROCEEDINGS{alias-error,
	author = {H Nyquist},
	editor = {editor},
	title = {Certain topics in telegraph transmission theory},
	booktitle = {AIEE Trans},
	date = {1928},
	volume = {47},
	pages = {617-644},
}
@inbook{Bentley,
author = {John P Bentley},
title = {Principles of Measurement Systems},
year = {2005},
edition = {4},
publisher = {Pearson Education Limited},
chapter = {8},
pages = {149 - 152},
}
@misc{ldc1000,
author = "{Texas Instruments}",
title = "{LDC1000 Inductance-to-Digital Converter}",
date = {September 2015},
note = {Last Accessed: 15 February 2016},
howpublished = {http://www.ti.com/lit/ds/symlink/ldc1000.pdf},
urldate = {15 February 2016},
}
@misc{ina188,
author = "{Texas Instruments}",
title = "{INA188 Precision, Zero-Drift, Rail-to-Rail Out, High-Voltage Instrumentation Amplifier}",
year = {September 2015},
}}

@misc{lmc6022,
author = "{Texas Instruments}",
title = "{LMC6022 Low Power CMOS Dual Operational Amplifier}",
year = {November 1994 - Revised March 2013}
}

@misc{PIC,
author = "{Microchip Technology Inc}",
title = "{PIC24F08KM101 Data Sheet}",
year = {2015},
}

@book{handbook,
author = {CARL DAVID Todd},
title = {The Potentiometer Handbook},
date = {1975},
publisher = {McGraw-Hill},
year = {1975},
}

@manual{TIinstr,
author = "{Texas Instruments Incorporated}",
title = {Understanding Basic Analog-Passive Devices},
year = {July 1999},
pages = {1-4},
}

@book{angularDispSensors,
editor = "{John G. Webster}",
title = {Measurement, Instrumentation, and Sensors Handbook},
year = {1999},
publisher = {CRC Press LLC},
}

@misc{psu,
author = "{Intai}",
title = "{IN5100300 Switching Power Supply}",
note = {Last Accessed: 04 May 2018},
howpublished = {\url{http://www.fyadapter.com/productslist_show.asp?id=439&picid=5}}
}


@manual{aafilter,
	author = {Bonnie C. Baker},
	title = {AN699 - Anti-Aliasing, Analog Filters for Data Acquisition Systems},
	publisher = {Microchip},
    year = {1999},
    pages = {3-7},
}

@misc{nonlinearity,
author = {Arporn Teeramongkonrasmee},
title = "{Position Transducer}",
note = {Last Accessed: 06 May 2018},
howpublished = {Chulalongkorn University Faculty of Engineering \url{http://pioneer.netserv.chula.ac.th/~tarporn/487/HandOut/EtransducerI.pdf}}
}